<?xml version='1.0' encoding='UTF-8'?>
<record xmlns="http://www.loc.gov/MARC21/slim">
  <leader>01515cam a2200289 a 4500</leader>
  <controlfield tag="001">399786</controlfield>
  <controlfield tag="003">NjP</controlfield>
  <controlfield tag="005">20171012080812.0</controlfield>
  <controlfield tag="008">870924s1985    ir       b    00110 ara d</controlfield>
  <datafield tag="024" ind1="7" ind2=" ">
    <subfield code="a">princeton_aco003141</subfield>
    <subfield code="2">local</subfield>
  </datafield>
  <datafield ind1=" " ind2=" " tag="035">
    <subfield code="a">(OCoLC)22320423</subfield>
  </datafield>
  <datafield ind1=" " ind2=" " tag="035">
    <subfield code="a">(CStRLIN)NJPG87-B46909</subfield>
  </datafield>
  <datafield ind1=" " ind2=" " tag="035">
    <subfield code="9">ABX5282TS</subfield>
  </datafield>
  <datafield ind1=" " ind2=" " tag="040">
    <subfield code="a">NjP</subfield>
    <subfield code="c">NjP</subfield>
  </datafield>
  <datafield ind1="2" ind2=" " tag="100">
    <subfield code="a">Abū Nuʻaym al-Iṣbahānī, Aḥmad ibn ʻAbd Allāh,</subfield>
    <subfield code="d">948-1038.</subfield>
    <subfield code="0">http://id.loc.gov/authorities/names/nr89011490</subfield>
  </datafield>
  <datafield ind1="1" ind2="3" tag="245">
    <subfield code="a">al-Nūr al-mushtaʻil min kitāb Mā nazala min al-Qurʼān fī ʻAlī ʻalayhi al-salām /</subfield>
    <subfield code="c">taʼlīf Aḥmad ibn ʻAbd Allāh ibn Aḥmad ibn Isḥāq al-maʻrūf bi-Abī Nuʻaym al-Iṣbahānī ; jamaʻahu wa-rattabahu wa-qaddama la-hu wa-ʻallaqa ʻalayhi Muḥammad Bāqir al-Maḥmūdī.</subfield>
  </datafield>
  <datafield ind1=" " ind2=" " tag="250">
    <subfield code="a">al-Ṭabʻah 1.</subfield>
  </datafield>
  <datafield ind1=" " ind2=" " tag="260">
    <subfield code="a">[Tehran] :</subfield>
    <subfield code="b">Wizārat al-Irshād al-Islāmī,</subfield>
    <subfield code="c">1406 [1985 or 1986]</subfield>
  </datafield>
  <datafield ind1=" " ind2=" " tag="300">
    <subfield code="a">306 p. ;</subfield>
    <subfield code="c">25 cm.</subfield>
  </datafield>
  <datafield ind1=" " ind2=" " tag="500">
    <subfield code="a">Title page vocalized.</subfield>
  </datafield>
  <datafield ind1=" " ind2=" " tag="504">
    <subfield code="a">Includes bibliographical references and index.</subfield>
  </datafield>
  <datafield ind1="0" ind2="0" tag="600">
    <subfield code="a">ʻAlī ibn Abī Ṭālib,</subfield>
    <subfield code="c">Caliph,</subfield>
    <subfield code="d">approximately 600-661.</subfield>
    <subfield code="0">http://id.loc.gov/authorities/names/n50039100</subfield>
  </datafield>
  <datafield ind1="0" ind2="0" tag="630">
    <subfield code="a">Qurʼan.</subfield>
    <subfield code="0">http://id.loc.gov/authorities/subjects/sh85072953</subfield>
  </datafield>
  <datafield ind1="1" ind2=" " tag="700">
    <subfield code="a">Maḥmūdī, Muḥammad Bāqir.</subfield>
  </datafield>
  <datafield ind1="0" ind2=" " tag="740">
    <subfield code="a">Mā nazala min al-Qurʼān fī ʻAlī ʻalayhi al-salām.</subfield>
  </datafield>
  <datafield ind1=" " ind2=" " tag="998">
    <subfield code="a">04/06/89</subfield>
    <subfield code="s">9118</subfield>
    <subfield code="n">NjP</subfield>
    <subfield code="w">NJPG87B46909</subfield>
    <subfield code="d">09/24/87</subfield>
    <subfield code="c">KVV</subfield>
    <subfield code="b">KVV</subfield>
    <subfield code="i">890406</subfield>
    <subfield code="l">NJPG</subfield>
  </datafield>
  <datafield ind1=" " ind2=" " tag="911">
    <subfield code="a">19921028</subfield>
  </datafield>
  <datafield ind1=" " ind2=" " tag="912">
    <subfield code="a">19951024053010.0</subfield>
  </datafield>
  <datafield ind1="0" ind2="0" tag="852">
    <subfield code="0">435886</subfield>
    <subfield code="b">rcppa</subfield>
    <subfield code="t">1</subfield>
    <subfield code="h">BP193.1.A3</subfield>
    <subfield code="i">A286 1985</subfield>
    <subfield code="x">tr fr nec</subfield>
  </datafield>
  <datafield ind1=" " ind2=" " tag="959">
    <subfield code="a">2000-06-13 00:00:00 -0400</subfield>
  </datafield>
</record>
